@misc{ gh:SAE,
    author = "Justin62628",
    title = "Squirrel-RIFE Video Frame Interpolation",
    year = "2022",
    url = "https://github.com/Justin62628/Squirrel-RIFE",
    note= "[Online; accessed 2022]"
}
@misc{ wiki:water,
   author = "维基百科",
   title = "水躍 --- 维基百科{,} 自由的百科全书",
   year = "2022",
   url = "https://zh.wikipedia.org/w/index.php?title=%E6%B0%B4%E8%BA%8D&oldid=72794674",
   note = "[Online; accessed 2007-2022]"
 }

@article{ article:1,
    author = "任思远，刘春江，郭凯，刘辉，项文雨，谢春刚，李雪",
    title = "非中心入射流旋转圆盘水跃现象的实验与模拟",
    year = "2021",
    journal = "化工进展",
    pages = "6027-6034",
    volume = {40(11)},
}

@article{ article:2,
    author = "张志昌，李若冰",
    title = "Ｕ形渠道临界水深、弗劳德数和水跃的研究",
    year = "2012",
    journal = "西安理工大学学报",
    pages = {198-203},
    volume = {28},
    number = "2"
}
@book{book:1,
    author = "吴持恭",
    title = "水力学",
    year = "1984",
    publisher = "高等教育出版社"

}
